@book{ast_wit2011,
  author = "{\AA}str{\"o}m, Karl Johan and Wittenmark, Bj{\"o}rn",
  title = "Computer-Controlled Systems",
  year = 2011,
  publisher = "Dover Publications",
}